<record><leader>00000cas a2200000 a 4500</leader><controlfield tag="001">8733259</controlfield><controlfield tag="008">820830c19699999paudr ne      0   a0eng c</controlfield><datafield ind1=" " ind2=" " tag="010"><subfield code="a">sn 85003402 </subfield><subfield code="z">sc 83002128 </subfield></datafield><datafield ind1=" " ind2=" " tag="040"><subfield code="a">WAU</subfield><subfield code="b">eng</subfield><subfield code="c">WAU</subfield><subfield code="d">DLC</subfield><subfield code="d">OCL</subfield><subfield code="d">AIP</subfield><subfield code="d">DLC</subfield><subfield code="d">NPH</subfield><subfield code="d">NSD</subfield><subfield code="d">NPH</subfield><subfield code="d">NPA</subfield><subfield code="d">DLC</subfield><subfield code="d">NJW</subfield><subfield code="d">NST</subfield><subfield code="d">KNP</subfield><subfield code="d">MGN</subfield><subfield code="d">CNK</subfield><subfield code="d">NVF</subfield><subfield code="d">CVF</subfield><subfield code="d">NYS</subfield><subfield code="d">DLC</subfield><subfield code="d">NYS</subfield><subfield code="d">DLC</subfield><subfield code="d">NYS</subfield><subfield code="d">NLM</subfield><subfield code="d">OCLCQ</subfield><subfield code="d">OCL</subfield><subfield code="d">DLC</subfield><subfield code="d">WAU</subfield><subfield code="d">OCLCQ</subfield><subfield code="d">DOS</subfield><subfield code="d">DLC</subfield><subfield code="d">OCLCQ</subfield><subfield code="d">OCLCF</subfield><subfield code="d">OCLCO</subfield></datafield><datafield ind1="7" ind2=" " tag="016"><subfield code="a">101088622</subfield><subfield code="2">DNLM</subfield></datafield><datafield ind1=" " ind2=" " tag="019"><subfield code="a">222794168</subfield></datafield><datafield ind1="0" ind2=" " tag="022"><subfield code="a">0885-6613</subfield><subfield code="l">0885-6613</subfield><subfield code="2">1</subfield></datafield><datafield ind1="1" ind2=" " tag="029"><subfield code="a">NLM</subfield><subfield code="b">101088622</subfield></datafield><datafield ind1="1" ind2=" " tag="029"><subfield code="a">AU@</subfield><subfield code="b">000021316582</subfield></datafield><datafield ind1=" " ind2=" " tag="032"><subfield code="a">430000</subfield><subfield code="b">USPS</subfield></datafield><datafield ind1=" " ind2=" " tag="037"><subfield code="b">Philadelphia Newspapers, Inc., 400 N. Broad St., PO Box 8263, Philadelphia, PA 19101</subfield></datafield><datafield ind1=" " ind2=" " tag="042"><subfield code="a">nsdp</subfield><subfield code="a">pcc</subfield></datafield><datafield ind1=" " ind2=" " tag="043"><subfield code="a">n-us-pa</subfield></datafield><datafield ind1="0" ind2="0" tag="050"><subfield code="a">Newspaper</subfield></datafield><datafield ind1="1" ind2=" " tag="082"><subfield code="a">071</subfield><subfield code="2">11</subfield></datafield><datafield ind1="0" ind2=" " tag="130"><subfield code="a">Philadelphia inquirer (Philadelphia, Pa. : 1969)</subfield></datafield><datafield ind1="1" ind2=" " tag="210"><subfield code="a">Phila. inq.</subfield><subfield code="b">(1969)</subfield></datafield><datafield ind1=" " ind2="4" tag="222"><subfield code="a">The Philadelphia inquirer</subfield><subfield code="b">(1969)</subfield></datafield><datafield ind1="1" ind2="4" tag="245"><subfield code="a">The Philadelphia inquirer.</subfield></datafield><datafield ind1="3" ind2="0" tag="246"><subfield code="a">Inquirer</subfield></datafield><datafield ind1=" " ind2=" " tag="260"><subfield code="a">Philadelphia, Pa. :</subfield><subfield code="b">Triangle Publications,</subfield><subfield code="c">1969-</subfield></datafield><datafield ind1=" " ind2=" " tag="300"><subfield code="a">v.</subfield></datafield><datafield ind1=" " ind2=" " tag="310"><subfield code="a">Daily</subfield></datafield><datafield ind1="0" ind2=" " tag="362"><subfield code="a">Vol. 281, no. 165 (Dec. 12, 1969)-v. 329, no. 151 (May 31, 1994) ; 166th year, no. 1 (June 1, 1994)-</subfield></datafield><datafield ind1=" " ind2=" " tag="500"><subfield code="a">On strike, Sept. 9-Oct. 22, 1985.</subfield></datafield><datafield ind1=" " ind2=" " tag="515"><subfield code="a">Publication suspended Feb. 9-16, 1977 and Sept. 7-Oct. 22, 1985.</subfield></datafield><datafield ind1=" " ind2=" " tag="530"><subfield code="a">Also issued on microfilm from Bell &amp; Howell Information and Learning, and the Library of Congress, Photoduplication Service.</subfield></datafield><datafield ind1=" " ind2=" " tag="588"><subfield code="a">Latest issue consulted: 173rd year, no. 163 (Nov. 10, 2001).</subfield></datafield><datafield ind1=" " ind2="0" tag="651"><subfield code="a">Philadelphia (Pa.)</subfield><subfield code="v">Newspapers.</subfield></datafield><datafield ind1=" " ind2="0" tag="651"><subfield code="a">Philadelphia County (Pa.)</subfield><subfield code="v">Newspapers.</subfield></datafield><datafield ind1=" " ind2="7" tag="655"><subfield code="a">Newspapers.</subfield><subfield code="2">fast</subfield><subfield code="0">(OCoLC)fst01423814</subfield></datafield><datafield ind1=" " ind2="7" tag="651"><subfield code="a">Pennsylvania</subfield><subfield code="z">Philadelphia.</subfield><subfield code="2">fast</subfield><subfield code="0">(OCoLC)fst01204170</subfield></datafield><datafield ind1=" " ind2="7" tag="651"><subfield code="a">Pennsylvania</subfield><subfield code="z">Philadelphia County.</subfield><subfield code="2">fast</subfield><subfield code="0">(OCoLC)fst01217128</subfield></datafield><datafield ind1=" " ind2=" " tag="752"><subfield code="a">United States</subfield><subfield code="b">Pennsylvania</subfield><subfield code="c">Philadelphia</subfield><subfield code="d">Philadelphia.</subfield></datafield><datafield ind1="0" ind2="8" tag="776"><subfield code="i">Online version:</subfield><subfield code="t">Philadelphia inquirer (Philadelphia, Pa. : 1969 : Online)</subfield><subfield code="x">2165-1728</subfield><subfield code="w">(DLC)  2011267056</subfield><subfield code="w">(OCoLC)45211992</subfield></datafield><datafield ind1="0" ind2="8" tag="776"><subfield code="i">Microfilm</subfield><subfield code="d">UMI</subfield><subfield code="t">Philadelphia inquirer (Philadelphia, Pa. : 1969)</subfield><subfield code="x">0885-6613</subfield><subfield code="w">(OCoLC)14361686</subfield></datafield><datafield ind1="0" ind2="0" tag="780"><subfield code="t">Philadelphia inquirer public ledger</subfield><subfield code="w">(DLC)sn 86081052</subfield><subfield code="w">(OCoLC)12755975</subfield></datafield><datafield ind1="4" ind2="1" tag="856"><subfield code="u">http://www.philly.com</subfield></datafield></record>